<?xml version="1.0" encoding="UTF-8"?><record xmlns="http://www.loc.gov/MARC21/slim" xmlns:cinclude="http://apache.org/cocoon/include/1.0" xmlns:zs="http://www.loc.gov/zing/srw/">
  <leader>00355nz  a2200121n  4500</leader>
  <controlfield tag="001">n  92088861 </controlfield>
  <controlfield tag="003">DLC</controlfield>
  <controlfield tag="005">19920903131803.1</controlfield>
  <controlfield tag="008">920903n| acannaab|          |n aaa |||  </controlfield>
  <datafield tag="010" ind1=" " ind2=" ">
    <subfield code="a">n  92088861 </subfield>
  </datafield>
  <datafield tag="040" ind1=" " ind2=" ">
    <subfield code="a">DLC</subfield>
    <subfield code="c">DLC</subfield>
  </datafield>
  <datafield tag="100" ind1="1" ind2="0">
    <subfield code="a">Haller, Ingrid</subfield>
  </datafield>
  <datafield tag="670" ind1=" " ind2=" ">
    <subfield code="a">Ethnische Minderheiten in Industriegesellschaften, 1991:</subfield>
    <subfield code="b">t.p. (Ingrid Haller) p. iv (Prof. Dr.; Kassel)</subfield>
  </datafield>
</record>